%
%%
%%
%% Usage:
%%
%% \bibliography{../../common/header-short,../../common/biblio}
%% or
%% \bibliography{../../common/header-standard,../../common/biblio}
%%%%%%%%%%%%%%%%%%%%%%%%%%%%%%%%%%%%%%%%%%%%%%%%%%%%%%%%%%%%%%%%%%%%%%%%%%%
